<?xml version="1.0" encoding="UTF-8" ?>
<collection xmlns:xsi="http://www.w3.org/2001/XMLSchema-instance"
    xsi:schemaLocation="http://www.loc.gov/MARC21/slim
        http://www.loc.gov/standards/marcxml/schema/MARC21slim.xsd"
    xmlns="http://www.loc.gov/MARC21/slim">
<record>
  <leader>00277cam a2200541 i 4500</leader>
  <controlfield tag="001">b12488161</controlfield>
  <controlfield tag="003">LeBAU</controlfield>
  <controlfield tag="005">20171107</controlfield>
  <controlfield tag="008">970625s1947    le       b    ||0 0 ara d</controlfield>
  <datafield tag="035" ind1=" " ind2=" ">
    <subfield code="a">ocn784347723</subfield>
  </datafield>
  <datafield tag="037" ind1=" " ind2=" ">
    <subfield code="b">Library</subfield>
    <subfield code="z">30975</subfield>
  </datafield>
  <datafield tag="040" ind1=" " ind2=" ">
    <subfield code="a">LEAUB</subfield>
    <subfield code="b">ara</subfield>
    <subfield code="e">rda</subfield>
    <subfield code="c">LEAUB</subfield>
    <subfield code="d">LEAUB</subfield>
  </datafield>
  <datafield tag="041" ind1="0" ind2=" ">
    <subfield code="a">ara</subfield>
    <subfield code="b">eng</subfield>
  </datafield>
  <datafield tag="082" ind1="0" ind2="4">
    <subfield code="a">492.7703</subfield>
    <subfield code="2">23</subfield>
  </datafield>
  <datafield tag="100" ind1="1" ind2=" ">
    <subfield code="6">880-01</subfield>
    <subfield code="a">Furayḥah, Anīs,</subfield>
    <subfield code="d">1903-</subfield>
    <subfield code="e">Compiler.</subfield>
  </datafield>
  <datafield tag="245" ind1="1" ind2="0">
    <subfield code="6">880-02</subfield>
    <subfield code="a">Muʻjam al-alfāẓ al-ʻāmmīyah fī al-lahjah al-Lubnānīyah /</subfield>
    <subfield code="c">jama‘ahā wa-fassarahā wa-raddahā ilá uṣūlihā Anīs Furayḥah, duktūr fī al-falsafah, ustādh al-lughāt al-sāmīyah fī al-Jāmi‘ah al-Amīrikīyah fī Bayrūt.</subfield>
  </datafield>
  <datafield tag="246" ind1="1" ind2="5">
    <subfield code="a">Dictionary of non-classical vocables in the spoken Arabic of Lebanon</subfield>
  </datafield>
  <datafield tag="264" ind1=" " ind2="1">
    <subfield code="6">880-03</subfield>
    <subfield code="a">[Bayrūt] :</subfield>
    <subfield code="b">Manshūrāt Kullīyat al-‘Ulūm wa-al-Ādāb, al-Jāmiʻah al-Amīrikīyah fī Bayrūt,</subfield>
    <subfield code="c">1947.</subfield>
  </datafield>
  <datafield tag="300" ind1=" " ind2=" ">
    <subfield code="6">880-04</subfield>
    <subfield code="a">a-l, 195 pages ;</subfield>
    <subfield code="c">23 cm.</subfield>
  </datafield>
  <datafield tag="336" ind1=" " ind2=" ">
    <subfield code="a">text</subfield>
    <subfield code="b">txt</subfield>
    <subfield code="2">rdacontent</subfield>
  </datafield>
  <datafield tag="337" ind1=" " ind2=" ">
    <subfield code="a">unmediated</subfield>
    <subfield code="b">n</subfield>
    <subfield code="2">rdamedia</subfield>
  </datafield>
  <datafield tag="338" ind1=" " ind2=" ">
    <subfield code="a">volume</subfield>
    <subfield code="b">nc</subfield>
    <subfield code="2">rdacarrier</subfield>
  </datafield>
  <datafield tag="490" ind1="1" ind2=" ">
    <subfield code="6">880-05</subfield>
    <subfield code="a">Manshūrāt Kullīyat al-‘Ulūm wa-al-Ādāb. Silsilat al-‘ulūm al-sharqīyah ;</subfield>
    <subfield code="v">al-ḥalaqah al-tāsi‘ah ‘asharah</subfield>
  </datafield>
  <datafield tag="504" ind1=" " ind2=" ">
    <subfield code="a">يتضمن مراجع ببليوغرافية (صفحات د-و)</subfield>
  </datafield>
  <datafield tag="546" ind1=" " ind2=" ">
    <subfield code="a">النص بالعربية، مع مقدمة بالانجليزية.</subfield>
  </datafield>
  <datafield tag="650" ind1=" " ind2="4">
    <subfield code="a">اللغة العربية</subfield>
    <subfield code="x">اللهجات</subfield>
    <subfield code="z">لبنان</subfield>
    <subfield code="v">قواميس.</subfield>
  </datafield>
  <datafield tag="650" ind1=" " ind2="4">
    <subfield code="a">اللغة العربية</subfield>
    <subfield code="x">العامية</subfield>
    <subfield code="v">قواميس.</subfield>
  </datafield>
  <datafield tag="650" ind1=" " ind2="0">
    <subfield code="a">Arabic language</subfield>
    <subfield code="x">Dialects</subfield>
    <subfield code="z">Lebanon</subfield>
    <subfield code="v">Dictionaries.</subfield>
  </datafield>
  <datafield tag="650" ind1=" " ind2="0">
    <subfield code="a">Arabic language</subfield>
    <subfield code="x">Slang</subfield>
    <subfield code="v">Dictionaries.</subfield>
  </datafield>
  <datafield tag="762" ind1="0" ind2=" ">
    <subfield code="6">880-06</subfield>
    <subfield code="a">Silsilat al-‘ulūm al-sharqīyah</subfield>
  </datafield>
  <datafield tag="830" ind1=" " ind2="0">
    <subfield code="6">880-07</subfield>
    <subfield code="a">Publication of the Faculty of Arts and Sciences.</subfield>
    <subfield code="p">Oriental series ;</subfield>
    <subfield code="v">19.</subfield>
  </datafield>
  <datafield tag="852" ind1=" " ind2=" ">
    <subfield code="a">Jafet Library</subfield>
    <subfield code="e">American University of Beirut, Bliss Street , Beirut, Lebanon.</subfield>
  </datafield>
  <datafield tag="852" ind1=" " ind2=" ">
    <subfield code="a">Jafet Archives and Special Collections</subfield>
    <subfield code="e">American University of Beirut, Bliss Street , Beirut, Lebanon.</subfield>
  </datafield>
  <datafield tag="852" ind1=" " ind2=" ">
    <subfield code="a">Jafet Reference</subfield>
    <subfield code="e">American University of Beirut, Bliss Street , Beirut, Lebanon.</subfield>
  </datafield>
  <datafield tag="880" ind1="1" ind2=" ">
    <subfield code="6">100-01/(3/r</subfield>
    <subfield code="a">فريحة، انيس،</subfield>
    <subfield code="d">1903-</subfield>
    <subfield code="e">معد. </subfield>
    <subfield code="4">com.</subfield>
  </datafield>
  <datafield tag="880" ind1="1" ind2="0">
    <subfield code="6">245-02/(3/r</subfield>
    <subfield code="a">معجم الألفاظ العامية في اللهجة اللبنانية /</subfield>
    <subfield code="c">جمعها وفسرها وردها إلى أصولها أنيس فريحة، دكتور في الفلسفة، أستاذ اللغات السامية في الجامعة الأميركية في بيروت.</subfield>
  </datafield>
  <datafield tag="880" ind1=" " ind2="1">
    <subfield code="6">264-03/(3/r</subfield>
    <subfield code="a">[بيروت] :</subfield>
    <subfield code="b">منشورات كلية العلوم والآداب، الجامعة الأميركية في بيروت،</subfield>
    <subfield code="c">1947.</subfield>
  </datafield>
  <datafield tag="880" ind1=" " ind2=" ">
    <subfield code="6">300-04/(3/r</subfield>
    <subfield code="a">أ-ل، 195 صفحة ؛</subfield>
    <subfield code="c">23 سم.</subfield>
  </datafield>
  <datafield tag="880" ind1="1" ind2=" ">
    <subfield code="6">490-05/(3/r</subfield>
    <subfield code="a">منشورات كلية العلوم والآداب. سلسلة العلوم الشرقية ؛</subfield>
    <subfield code="v">الحلقة التاسعة عشرة</subfield>
  </datafield>
  <datafield tag="880" ind1="0" ind2=" ">
    <subfield code="6">762-06/(3/r</subfield>
    <subfield code="a">سلسلة العلوم الشرقية</subfield>
  </datafield>
  <datafield tag="880" ind1=" " ind2="0">
    <subfield code="6">830-07/(3/r</subfield>
    <subfield code="a">منشورات كلية العلوم والآداب.</subfield>
    <subfield code="p">سلسلة العلوم الشرقية ؛</subfield>
    <subfield code="v">19.</subfield>
  </datafield>
  <datafield tag="907" ind1=" " ind2=" ">
    <subfield code="a">.b12488161</subfield>
    <subfield code="b">17-11-23</subfield>
    <subfield code="c">11-05-24</subfield>
  </datafield>
  <datafield tag="907" ind1=" " ind2=" ">
    <subfield code="a">.b12488161</subfield>
    <subfield code="b">15-11-03</subfield>
    <subfield code="c">11-05-24</subfield>
  </datafield>
  <datafield tag="945" ind1=" " ind2=" ">
    <subfield code="f">CA:AUB</subfield>
    <subfield code="a">492.7703:F84mA:c.1</subfield>
    <subfield code="i">01068935</subfield>
    <subfield code="j">.i12980158</subfield>
    <subfield code="l">u0305</subfield>
  </datafield>
  <datafield tag="945" ind1=" " ind2=" ">
    <subfield code="f">CA:AUB</subfield>
    <subfield code="a">492.7703:F84mA:c.2</subfield>
    <subfield code="i">00339540</subfield>
    <subfield code="j">.i1298016x</subfield>
    <subfield code="l">u0305</subfield>
  </datafield>
  <datafield tag="945" ind1=" " ind2=" ">
    <subfield code="f">RLEB</subfield>
    <subfield code="a">492.7703:F84mA:c.1</subfield>
    <subfield code="i">00344129</subfield>
    <subfield code="j">.i12980171</subfield>
    <subfield code="l">u0607</subfield>
  </datafield>
  <datafield tag="945" ind1=" " ind2=" ">
    <subfield code="f">J</subfield>
    <subfield code="a">492.7703:F84mA:c.1</subfield>
    <subfield code="i">01027117</subfield>
    <subfield code="j">.i12980146</subfield>
    <subfield code="l">u0503</subfield>
  </datafield>
  <datafield tag="998" ind1=" " ind2=" ">
    <subfield code="a">u03</subfield>
    <subfield code="a">u05</subfield>
    <subfield code="a">u06</subfield>
    <subfield code="b">97-06-25</subfield>
    <subfield code="c">m</subfield>
    <subfield code="d">a</subfield>
    <subfield code="e">-</subfield>
    <subfield code="f">ara</subfield>
    <subfield code="g">le </subfield>
    <subfield code="h">0</subfield>
    <subfield code="i">4</subfield>
  </datafield>
</record>
</collection>
